@article{fengler2022beyond,
  title={Beyond Drift Diffusion Models: Fitting a broad class of decision and RL models with HDDM},
  author={Fengler, Alexander and Bera, Krishn and Pedersen, Mads L and Frank, Michael J},
  journal={bioRxiv},
  pages={2022--06},
  year={2022},
  publisher={Cold Spring Harbor Laboratory}
}

@article{hunter2007matplotlib,
  title={Matplotlib: A 2D graphics environment},
  author={Hunter, John D},
  journal={Computing in science \& engineering},
  volume={9},
  number={03},
  pages={90--95},
  year={2007},
  publisher={IEEE Computer Society}
}

@article{peirce2007psychopy,
  title={PsychoPy—psychophysics software in Python},
  author={Peirce, Jonathan W},
  journal={Journal of neuroscience methods},
  volume={162},
  number={1-2},
  pages={8--13},
  year={2007},
  publisher={Elsevier}
}

@article{wixted2014signal,
  title={A signal-detection-based diagnostic-feature-detection model of eyewitness identification.},
  author={Wixted, John T and Mickes, Laura},
  journal={Psychological Review},
  volume={121},
  number={2},
  pages={262},
  year={2014},
  publisher={American Psychological Association}
}

@article{bonner2021object,
  title={Object representations in the human brain reflect the co-occurrence statistics of vision and language},
  author={Bonner, Michael F and Epstein, Russell A},
  journal={Nature communications},
  volume={12},
  number={1},
  pages={4081},
  year={2021},
  publisher={Nature Publishing Group UK London}
}

@article{turk2019hippocampus,
  title={The hippocampus as a visual area organized by space and time: A spatiotemporal similarity hypothesis},
  author={Turk-Browne, Nicholas B},
  journal={Vision research},
  volume={165},
  pages={123--130},
  year={2019},
  publisher={Elsevier}
}

@article{rouder2004comparing,
  title={Comparing categorization models.},
  author={Rouder, Jeffrey N and Ratcliff, Roger},
  journal={Journal of Experimental Psychology: General},
  volume={133},
  number={1},
  pages={63},
  year={2004},
  publisher={American Psychological Association}
}

@article{ezzyat2011constitutes,
  title={What constitutes an episode in episodic memory?},
  author={Ezzyat, Youssef and Davachi, Lila},
  journal={Psychological science},
  volume={22},
  number={2},
  pages={243--252},
  year={2011},
  publisher={Sage Publications Sage CA: Los Angeles, CA}
}

@article{horner2016role,
  title={The role of spatial boundaries in shaping long-term event representations},
  author={Horner, Aidan J and Bisby, James A and Wang, Aijing and Bogus, Katrina and Burgess, Neil},
  journal={Cognition},
  volume={154},
  pages={151--164},
  year={2016},
  publisher={Elsevier}
}

@article{ratcliff2009modeling,
  title={Modeling confidence and response time in recognition memory.},
  author={Ratcliff, Roger and Starns, Jeffrey J},
  journal={Psychological review},
  volume={116},
  number={1},
  pages={59},
  year={2009},
  publisher={American Psychological Association}
}

@article{starns2014validating,
  title={Validating the unequal-variance assumption in recognition memory using response time distributions instead of ROC functions: A diffusion model analysis},
  author={Starns, Jeffrey J and Ratcliff, Roger},
  journal={Journal of memory and language},
  volume={70},
  pages={36--52},
  year={2014},
  publisher={Elsevier}
}

@article{starns2014using,
  title={Using response time modeling to distinguish memory and decision processes in recognition and source tasks},
  author={Starns, Jeffrey J},
  journal={Memory \& cognition},
  volume={42},
  pages={1357--1372},
  year={2014},
  publisher={Springer}
}

@article{ratcliff2022discriminating,
  title={Discriminating memory disordered patients from controls using diffusion model parameters from recognition memory.},
  author={Ratcliff, Roger and Scharre, Douglas W and McKoon, Gail},
  journal={Journal of Experimental Psychology: General},
  volume={151},
  number={6},
  pages={1377},
  year={2022},
  publisher={American Psychological Association}
}

@article{ratcliff2004diffusion,
  title={A diffusion model analysis of the effects of aging on recognition memory},
  author={Ratcliff, Roger and Thapar, Anjali and McKoon, Gail},
  journal={Journal of Memory and Language},
  volume={50},
  number={4},
  pages={408--424},
  year={2004},
  publisher={Elsevier}
}

@article{davis2012striatal,
  title={Striatal and hippocampal entropy and recognition signals in category learning: simultaneous processes revealed by model-based fMRI.},
  author={Davis, Tyler and Love, Bradley C and Preston, Alison R},
  journal={Journal of Experimental Psychology: Learning, Memory, and Cognition},
  volume={38},
  number={4},
  pages={821},
  year={2012},
  publisher={American Psychological Association}
}

@article{nosofsky2011short,
  title={Short-term memory scanning viewed as exemplar-based categorization.},
  author={Nosofsky, Robert M and Little, Daniel R and Donkin, Christopher and Fific, Mario},
  journal={Psychological review},
  volume={118},
  number={2},
  pages={280},
  year={2011},
  publisher={American Psychological Association}
}

@article{momennejad2020learning,
  title={Learning structures: predictive representations, replay, and generalization},
  author={Momennejad, Ida},
  journal={Current Opinion in Behavioral Sciences},
  volume={32},
  pages={155--166},
  year={2020},
  publisher={Elsevier}
}

@article{russek2017predictive,
  title={Predictive representations can link model-based reinforcement learning to model-free mechanisms},
  author={Russek, Evan M and Momennejad, Ida and Botvinick, Matthew M and Gershman, Samuel J and Daw, Nathaniel D},
  journal={PLoS computational biology},
  volume={13},
  number={9},
  pages={e1005768},
  year={2017},
  publisher={Public Library of Science San Francisco, CA USA}
}

@article{behrens2007learning,
  title={Learning the value of information in an uncertain world},
  author={Behrens, Timothy EJ and Woolrich, Mark W and Walton, Mark E and Rushworth, Matthew FS},
  journal={Nature neuroscience},
  volume={10},
  number={9},
  pages={1214--1221},
  year={2007},
  publisher={Nature Publishing Group US New York}
}

@article{shin2021structuring,
  title={Structuring memory through inference-based event segmentation},
  author={Shin, Yeon Soon and DuBrow, Sarah},
  journal={Topics in Cognitive Science},
  volume={13},
  number={1},
  pages={106--127},
  year={2021},
  publisher={Wiley Online Library}
}

@article{zacks2007eventp,
  title={Event perception: a mind-brain perspective.},
  author={Zacks, Jeffrey M and Speer, Nicole K and Swallow, Khena M and Braver, Todd S and Reynolds, Jeremy R},
  journal={Psychological bulletin},
  volume={133},
  number={2},
  pages={273},
  year={2007},
  publisher={American Psychological Association}
}

@article{sols2017event,
  title={Event boundaries trigger rapid memory reinstatement of the prior events to promote their representation in long-term memory},
  author={Sols, Ignasi and DuBrow, Sarah and Davachi, Lila and Fuentemilla, Llu{\'\i}s},
  journal={Current Biology},
  volume={27},
  number={22},
  pages={3499--3504},
  year={2017},
  publisher={Elsevier}
}

@article{hahamy2023human,
  title={The human brain reactivates context-specific past information at event boundaries of naturalistic experiences},
  author={Hahamy, Avital and Dubossarsky, Haim and Behrens, Timothy EJ},
  journal={Nature neuroscience},
  volume={26},
  number={6},
  pages={1080--1089},
  year={2023},
  publisher={Nature Publishing Group US New York}
}

@article{brunec2018boundaries,
  title={Boundaries shape cognitive representations of spaces and events},
  author={Brunec, Iva K and Moscovitch, Morris and Barense, Morgan D},
  journal={Trends in cognitive sciences},
  volume={22},
  number={7},
  pages={637--650},
  year={2018},
  publisher={Elsevier}
}

@article{lositsky2016neural,
  title={Neural pattern change during encoding of a narrative predicts retrospective duration estimates},
  author={Lositsky, Olga and Chen, Janice and Toker, Daniel and Honey, Christopher J and Shvartsman, Michael and Poppenk, Jordan L and Hasson, Uri and Norman, Kenneth A},
  journal={elife},
  volume={5},
  pages={e16070},
  year={2016},
  publisher={eLife Sciences Publications, Ltd}
}

@article{michelmann2023evidence,
  title={Evidence that event boundaries are access points for memory retrieval},
  author={Michelmann, Sebastian and Hasson, Uri and Norman, Kenneth A},
  journal={Psychological Science},
  volume={34},
  number={3},
  pages={326--344},
  year={2023},
  publisher={Sage Publications Sage CA: Los Angeles, CA}
}

@article{radvansky2017event,
  title={Event boundaries in memory and cognition},
  author={Radvansky, Gabriel A and Zacks, Jeffrey M},
  journal={Current opinion in behavioral sciences},
  volume={17},
  pages={133--140},
  year={2017},
  publisher={Elsevier}
}

@article{zacks2020event,
  title={Event perception and memory},
  author={Zacks, Jeffrey M},
  journal={Annual review of psychology},
  volume={71},
  number={1},
  pages={165--191},
  year={2020},
  publisher={Annual Reviews}
}

@article{botvinick2012hierarchical,
  title={Hierarchical reinforcement learning and decision making},
  author={Botvinick, Matthew Michael},
  journal={Current opinion in neurobiology},
  volume={22},
  number={6},
  pages={956--962},
  year={2012},
  publisher={Elsevier}
}

@article{gershman2010learning,
  title={Learning latent structure: carving nature at its joints},
  author={Gershman, Samuel J and Niv, Yael},
  journal={Current opinion in neurobiology},
  volume={20},
  number={2},
  pages={251--256},
  year={2010},
  publisher={Elsevier}
}

@article{dezfouli2014habits,
  title={Habits as action sequences: hierarchical action control and changes in outcome value},
  author={Dezfouli, Amir and Lingawi, Nura W and Balleine, Bernard W},
  journal={Philosophical Transactions of the Royal Society B: Biological Sciences},
  volume={369},
  number={1655},
  pages={20130482},
  year={2014},
  publisher={The Royal Society}
}

@article{dolan2013goals,
  title={Goals and habits in the brain},
  author={Dolan, Ray J and Dayan, Peter},
  journal={Neuron},
  volume={80},
  number={2},
  pages={312--325},
  year={2013},
  publisher={Elsevier}
}

@article{smith2016habit,
  title={Habit formation},
  author={Smith, Kyle S and Graybiel, Ann M},
  journal={Dialogues in clinical neuroscience},
  volume={18},
  number={1},
  pages={33--43},
  year={2016},
  publisher={Taylor \& Francis}
}

@article{dezfouli2012habits,
  title={Habits, action sequences and reinforcement learning},
  author={Dezfouli, Amir and Balleine, Bernard W},
  journal={European Journal of Neuroscience},
  volume={35},
  number={7},
  pages={1036--1051},
  year={2012},
  publisher={Wiley Online Library}
}

@article{ostlund2009evidence,
  title={Evidence of action sequence chunking in goal-directed instrumental conditioning and its dependence on the dorsomedial prefrontal cortex},
  author={Ostlund, Sean B and Winterbauer, Neil E and Balleine, Bernard W},
  journal={Journal of Neuroscience},
  volume={29},
  number={25},
  pages={8280--8287},
  year={2009},
  publisher={Soc Neuroscience}
}

@article{savalia2016unified,
  title={A unified theoretical framework for cognitive sequencing},
  author={Savalia, Tejas and Shukla, Anuj and Bapi, Raju S},
  journal={Frontiers in psychology},
  volume={7},
  pages={1821},
  year={2016},
  publisher={Frontiers Media SA}
}

@article{tremblay2010movement,
  title={Movement chunking during sequence learning is a dopamine-dependant process: a study conducted in Parkinson’s disease},
  author={Tremblay, Pierre-Luc and Bedard, Marc-Andre and Langlois, Dominic and Blanchet, Pierre J and Lemay, Martin and Parent, Maxime},
  journal={Experimental brain research},
  volume={205},
  pages={375--385},
  year={2010},
  publisher={Springer}
}

@article{bera2021motor,
  title={Motor chunking in internally guided sequencing},
  author={Bera, Krishn and Shukla, Anuj and Bapi, Raju S},
  journal={Brain Sciences},
  volume={11},
  number={3},
  pages={292},
  year={2021},
  publisher={MDPI}
}

@article{karuza2019human,
	title={Human sensitivity to community structure is robust to topological variation},
	author={Karuza, Elisabeth A and Kahn, Ari E and Bassett, Danielle S},
	journal={Complexity},
	volume={2019},
	number={1},
	pages={8379321},
	year={2019},
	publisher={Wiley Online Library}
}

@article{karuza2022value,
	title={The value of statistical learning to cognitive network science},
	author={Karuza, Elisabeth A},
	journal={Topics in Cognitive Science},
	volume={14},
	number={1},
	pages={78--92},
	year={2022},
	publisher={Wiley Online Library}
}

@article{baldwin2008segmenting,
	title={Segmenting dynamic human action via statistical structure},
	author={Baldwin, Dare and Andersson, Annika and Saffran, Jenny and Meyer, Meredith},
	journal={Cognition},
	volume={106},
	number={3},
	pages={1382--1407},
	year={2008},
	publisher={Elsevier}
}

@article{brady2008statistical,
	title={Statistical learning using real-world scenes: Extracting categorical regularities without conscious intent},
	author={Brady, Timothy F and Oliva, Aude},
	journal={Psychological science},
	volume={19},
	number={7},
	pages={678--685},
	year={2008},
	publisher={SAGE Publications Sage CA: Los Angeles, CA}
}

@article{turk2008multidimensional,
	title={Multidimensional visual statistical learning.},
	author={Turk-Browne, Nicholas B and Isola, Phillip J and Scholl, Brian J and Treat, Teresa A},
	journal={Journal of Experimental Psychology: Learning, Memory, and Cognition},
	volume={34},
	number={2},
	pages={399},
	year={2008},
	publisher={American Psychological Association}
}

@article{aslin2012statistical,
	title={Statistical learning: From acquiring specific items to forming general rules},
	author={Aslin, Richard N and Newport, Elissa L},
	journal={Current directions in psychological science},
	volume={21},
	number={3},
	pages={170--176},
	year={2012},
	publisher={Sage Publications Sage CA: Los Angeles, CA}
}

@article{romberg2010statistical,
	title={Statistical learning and language acquisition},
	author={Romberg, Alexa R and Saffran, Jenny R},
	journal={Wiley Interdisciplinary Reviews: Cognitive Science},
	volume={1},
	number={6},
	pages={906--914},
	year={2010},
	publisher={Wiley Online Library}
}

@article{knowlton1992intact,
	title={Intact artificial grammar learning in amnesia: Dissociation of classification learning and explicit memory for specific instances},
	author={Knowlton, Barbara J and Ramus, Seth J and Squire, Larry R},
	journal={Psychological science},
	volume={3},
	number={3},
	pages={172--179},
	year={1992},
	publisher={SAGE Publications Sage CA: Los Angeles, CA}
}

@article{dehaene2015neural,
	title={The neural representation of sequences: from transition probabilities to algebraic patterns and linguistic trees},
	author={Dehaene, Stanislas and Meyniel, Florent and Wacongne, Catherine and Wang, Liping and Pallier, Christophe},
	journal={Neuron},
	volume={88},
	number={1},
	pages={2--19},
	year={2015},
	publisher={Elsevier}
}

@article{fiser2002statistical,
	title={Statistical learning of higher-order temporal structure from visual shape sequences.},
	author={Fiser, J{\'o}zsef and Aslin, Richard N},
	journal={Journal of Experimental Psychology: Learning, Memory, and Cognition},
	volume={28},
	number={3},
	pages={458},
	year={2002},
	publisher={American Psychological Association}
}

@article{cleeremans1991learning,
	title={Learning the structure of event sequences.},
	author={Cleeremans, Axel and McClelland, James L},
	journal={Journal of Experimental Psychology: General},
	volume={120},
	number={3},
	pages={235},
	year={1991},
	publisher={American Psychological Association}
}

@article{lynn2020human,
	title={Human information processing in complex networks},
	author={Lynn, Christopher W and Papadopoulos, Lia and Kahn, Ari E and Bassett, Danielle S},
	journal={Nature Physics},
	volume={16},
	number={9},
	pages={965--973},
	year={2020},
	publisher={Nature Publishing Group UK London}
}

@article{kahn2018network,
	title={Network constraints on learnability of probabilistic motor sequences},
	author={Kahn, Ari E and Karuza, Elisabeth A and Vettel, Jean M and Bassett, Danielle S},
	journal={Nature human behaviour},
	volume={2},
	number={12},
	pages={936--947},
	year={2018},
	publisher={Nature Publishing Group UK London}
}

@article{nissen1987attentional,
  title={Attentional requirements of learning: Evidence from performance measures},
  author={Nissen, Mary Jo and Bullemer, Peter},
  journal={Cognitive psychology},
  volume={19},
  number={1},
  pages={1--32},
  year={1987},
  publisher={Elsevier}
}

@article{polyn2009context,
  title={A context maintenance and retrieval model of organizational processes in free recall.},
  author={Polyn, Sean M and Norman, Kenneth A and Kahana, Michael J},
  journal={Psychological review},
  volume={116},
  number={1},
  pages={129},
  year={2009},
  publisher={American Psychological Association}
}

@article{gershman2012successor,
  title={The successor representation and temporal context},
  author={Gershman, Samuel J and Moore, Christopher D and Todd, Michael T and Norman, Kenneth A and Sederberg, Per B},
  journal={Neural Computation},
  volume={24},
  number={6},
  pages={1553--1568},
  year={2012},
  publisher={MIT Press One Rogers Street, Cambridge, MA 02142-1209, USA journals-info~…}
}

@article{howard2005temporal,
  title={The temporal context model in spatial navigation and relational learning: toward a common explanation of medial temporal lobe function across domains.},
  author={Howard, Marc W and Fotedar, Mrigankka S and Datey, Aditya V and Hasselmo, Michael E},
  journal={Psychological review},
  volume={112},
  number={1},
  pages={75},
  year={2005},
  publisher={American Psychological Association}
}

@article{sederberg2011human,
  title={Human memory reconsolidation can be explained using the temporal context model},
  author={Sederberg, Per B and Gershman, Samuel J and Polyn, Sean M and Norman, Kenneth A},
  journal={Psychonomic bulletin \& review},
  volume={18},
  pages={455--468},
  year={2011},
  publisher={Springer}
}


@article{stachenfeld2017hippocampus,
  title={The hippocampus as a predictive map},
  author={Stachenfeld, Kimberly L and Botvinick, Matthew M and Gershman, Samuel J},
  journal={Nature neuroscience},
  volume={20},
  number={11},
  pages={1643--1653},
  year={2017},
  publisher={Nature Publishing Group US New York}
}

@article{gershman2018successor,
  title={The successor representation: its computational logic and neural substrates},
  author={Gershman, Samuel J},
  journal={Journal of Neuroscience},
  volume={38},
  number={33},
  pages={7193--7200},
  year={2018},
  publisher={Soc Neuroscience}
}

@article{dayan1993improving,
  title={Improving generalization for temporal difference learning: The successor representation},
  author={Dayan, Peter},
  journal={Neural computation},
  volume={5},
  number={4},
  pages={613--624},
  year={1993},
  publisher={MIT Press}
}

@article{momennejad2017successor,
  title={The successor representation in human reinforcement learning},
  author={Momennejad, Ida and Russek, Evan M and Cheong, Jin H and Botvinick, Matthew M and Daw, Nathaniel Douglass and Gershman, Samuel J},
  journal={Nature human behaviour},
  volume={1},
  number={9},
  pages={680--692},
  year={2017},
  publisher={Nature Publishing Group UK London}
}

%Category learning 

@article{nosofsky1986attention,
	title={Attention, similarity, and the identification--categorization relationship.},
	author={Nosofsky, Robert M},
	journal={Journal of experimental psychology: General},
	volume={115},
	number={1},
	pages={39},
	year={1986},
	publisher={American Psychological Association}
}

@article{nosofsky2011generalized,
	title={The generalized context model: An exemplar model of classification},
	author={Nosofsky, Robert M},
	journal={Formal approaches in categorization},
	pages={18--39},
	year={2011}
}

@incollection{kruschke2020alcove,
	title={ALCOVE: An exemplar-based connectionist model of category learning},
	author={Kruschke, John K},
	booktitle={Connectionist Psychology},
	pages={107--138},
	year={2020},
	publisher={Psychology Press}
}

@article{knowlton1993learning,
	title={The learning of categories: Parallel brain systems for item memory and category knowledge},
	author={Knowlton, Barbara J and Squire, Larry R},
	journal={Science},
	volume={262},
	number={5140},
	pages={1747--1749},
	year={1993},
	publisher={American Association for the Advancement of Science}
}

@article{love2004sustain,
	title={SUSTAIN: a network model of category learning.},
	author={Love, Bradley C and Medin, Douglas L and Gureckis, Todd M},
	journal={Psychological review},
	volume={111},
	number={2},
	pages={309},
	year={2004},
	publisher={American Psychological Association}
}

@article{medin1987family,
	title={Family resemblance, conceptual cohesiveness, and category construction},
	author={Medin, Douglas L and Wattenmaker, William D and Hampson, Sarah E},
	journal={Cognitive psychology},
	volume={19},
	number={2},
	pages={242--279},
	year={1987},
	publisher={Elsevier}
}

@article{medin1994presentation,
	title={Presentation order and recognition of categorically related examples},
	author={Medin, Douglas L and Bettger, Jeffrey G},
	journal={Psychonomic bulletin \& review},
	volume={1},
	number={2},
	pages={250--254},
	year={1994},
	publisher={Springer}
}

@article{billman1996unsupervised,
	title={Unsupervised concept learning and value systematicitiy: A complex whole aids learning the parts.},
	author={Billman, Dorrit and Knutson, James},
	journal={Journal of Experimental Psychology: Learning, Memory, and Cognition},
	volume={22},
	number={2},
	pages={458},
	year={1996},
	publisher={American Psychological Association}
}

@article{cohen2001category,
  title={Category variability, exemplar similarity, and perceptual classification},
  author={Cohen, Andrew L and Nosofsky, Robert M and Zaki, Safa R},
  journal={Memory \& Cognition},
  volume={29},
  number={8},
  pages={1165--1175},
  year={2001},
  publisher={Springer}
}

@article{love2002comparing,
  title={Comparing supervised and unsupervised category learning},
  author={Love, Bradley C},
  journal={Psychonomic bulletin \& review},
  volume={9},
  number={4},
  pages={829--835},
  year={2002},
  publisher={Springer}
}

@article{nosofsky1994comparing,
  title={Comparing modes of rule-based classification learning: A replication and extension of Shepard, Hovland, and Jenkins (1961)},
  author={Nosofsky, Robert M and Gluck, Mark A and Palmeri, Thomas J and McKinley, Stephen C and Glauthier, Paul},
  journal={Memory \& cognition},
  volume={22},
  number={3},
  pages={352--369},
  year={1994},
  publisher={Springer}
}

@article{shepard1961learning,
  title={Learning and memorization of classifications.},
  author={Shepard, Roger N and Hovland, Carl I and Jenkins, Herbert M},
  journal={Psychological monographs: General and applied},
  volume={75},
  number={13},
  pages={1},
  year={1961},
  publisher={American Psychological Association}
}

@article{roark2022representational,
  title={The representational glue for incidental category learning is alignment with task-relevant behavior.},
  author={Roark, Casey L and Lehet, Matthew I and Dick, Frederic and Holt, Lori L},
  journal={Journal of Experimental Psychology: Learning, Memory, and Cognition},
  volume={48},
  number={6},
  pages={769},
  year={2022},
  publisher={American Psychological Association}
}

@article{roark2018task,
  title={Task and distribution sampling affect auditory category learning},
  author={Roark, Casey L and Holt, Lori L},
  journal={Attention, Perception, \& Psychophysics},
  volume={80},
  pages={1804--1822},
  year={2018},
  publisher={Springer}
}

@article{deng2015development,
  title={The development of categorization: effects of classification and inference training on category representation.},
  author={Deng, Wei Sophia and Sloutsky, Vladimir M},
  journal={Developmental Psychology},
  volume={51},
  number={3},
  pages={392},
  year={2015},
  publisher={American Psychological Association}
}

@article{gabay2015incidental,
  title={Incidental auditory category learning.},
  author={Gabay, Yafit and Dick, Frederic K and Zevin, Jason D and Holt, Lori L},
  journal={Journal of Experimental Psychology: Human Perception and Performance},
  volume={41},
  number={4},
  pages={1124},
  year={2015},
  publisher={American Psychological Association}
}

@article{unger2022ready,
  title={Ready to Learn: Incidental Exposure Fosters Category Learning},
  author={Unger, Layla and Sloutsky, Vladimir M},
  journal={Psychological Science},
  volume={33},
  number={6},
  pages={999--1019},
  year={2022},
  publisher={SAGE Publications Sage CA: Los Angeles, CA}
}

@inproceedings{unger2023without,
  title={Without even Trying: How Incidental Exposure Shapes Category Learning},
  author={Unger, Layla and Weichart, Emily R and Reardon, Noah and Sloutsky, Vladimir},
  booktitle={Proceedings of the Annual Meeting of the Cognitive Science Society},
  volume={45},
  year={2023}
}

@article{mack2015dynamics,
  title={The dynamics of categorization: Unraveling rapid categorization.},
  author={Mack, Michael L and Palmeri, Thomas J},
  journal={Journal of Experimental Psychology: General},
  volume={144},
  number={3},
  pages={551},
  year={2015},
  publisher={American Psychological Association}
}

@article{wahlheim2011spacing,
  title={Spacing enhances the learning of natural concepts: An investigation of mechanisms, metacognition, and aging},
  author={Wahlheim, Christopher N and Dunlosky, John and Jacoby, Larry L},
  journal={Memory \& cognition},
  volume={39},
  pages={750--763},
  year={2011},
  publisher={Springer}
}

@article{kornell2010spacing,
  title={Spacing as the friend of both memory and induction in young and older adults.},
  author={Kornell, Nate and Castel, Alan D and Eich, Teal S and Bjork, Robert A},
  journal={Psychology and aging},
  volume={25},
  number={2},
  pages={498},
  year={2010},
  publisher={American Psychological Association}
}

@article{vlach2008spacing,
  title={The spacing effect in children’s memory and category induction},
  author={Vlach, Haley A and Sandhofer, Catherine M and Kornell, Nate},
  journal={Cognition},
  volume={109},
  number={1},
  pages={163--167},
  year={2008},
  publisher={Elsevier}
}


@article{glenberg1979component,
  title={Component-levels theory of the effects of spacing of repetitions on recall and recognition},
  author={Glenberg, Arthur M},
  journal={Memory \& Cognition},
  volume={7},
  number={2},
  pages={95--112},
  year={1979},
  publisher={Springer}
}

@article{kornell2008learning,
  title={Learning concepts and categories: Is spacing the “enemy of induction”?},
  author={Kornell, Nate and Bjork, Robert A},
  journal={Psychological science},
  volume={19},
  number={6},
  pages={585--592},
  year={2008},
  publisher={SAGE Publications Sage CA: Los Angeles, CA}
}

@article{whitehead2021transfer,
  title={Transfer of category learning to impoverished contexts},
  author={Whitehead, Peter S and Zamary, Amanda and Marsh, Elizabeth J},
  journal={Psychonomic Bulletin \& Review},
  pages={1--10},
  year={2021},
  publisher={Springer}
}

@article{carvalho2014putting,
  title={Putting category learning in order: Category structure and temporal arrangement affect the benefit of interleaved over blocked study},
  author={Carvalho, Paulo F and Goldstone, Robert L},
  journal={Memory \& cognition},
  volume={42},
  pages={481--495},
  year={2014},
  publisher={Springer}
}

@article{carvalho2017sequence,
  title={The sequence of study changes what information is attended to, encoded, and remembered during category learning.},
  author={Carvalho, Paulo F and Goldstone, Robert L},
  journal={Journal of Experimental Psychology: Learning, Memory, and Cognition},
  volume={43},
  number={11},
  pages={1699},
  year={2017},
  publisher={American Psychological Association}
}


%Boundaries
@article{ezzyat2014similarity,
  title={Similarity breeds proximity: pattern similarity within and across contexts is related to later mnemonic judgments of temporal proximity},
  author={Ezzyat, Youssef and Davachi, Lila},
  journal={Neuron},
  volume={81},
  number={5},
  pages={1179--1189},
  year={2014},
  publisher={Elsevier}
}

@article{clewett2019transcending,
  title={Transcending time in the brain: How event memories are constructed from experience},
  author={Clewett, David and DuBrow, Sarah and Davachi, Lila},
  journal={Hippocampus},
  volume={29},
  number={3},
  pages={162--183},
  year={2019},
  publisher={Wiley Online Library}
}

@article{heusser2018perceptual,
  title={Perceptual boundaries cause mnemonic trade-offs between local boundary processing and across-trial associative binding.},
  author={Heusser, Andrew C and Ezzyat, Youssef and Shiff, Ilana and Davachi, Lila},
  journal={Journal of Experimental Psychology: Learning, Memory, and Cognition},
  volume={44},
  number={7},
  pages={1075},
  year={2018},
  publisher={American Psychological Association}
}

@article{pu2022event,
  title={Event boundaries shape temporal organization of memory by resetting temporal context},
  author={Pu, Yi and Kong, Xiang-Zhen and Ranganath, Charan and Melloni, Lucia},
  journal={Nature communications},
  volume={13},
  number={1},
  pages={622},
  year={2022},
  publisher={Nature Publishing Group UK London}
}

@article{dubrow2013influence,
  title={The influence of context boundaries on memory for the sequential order of events.},
  author={DuBrow, Sarah and Davachi, Lila},
  journal={Journal of Experimental Psychology: General},
  volume={142},
  number={4},
  pages={1277},
  year={2013},
  publisher={American Psychological Association}
}

@article{zacks2007event,
  title={Event segmentation},
  author={Zacks, Jeffrey M and Swallow, Khena M},
  journal={Current directions in psychological science},
  volume={16},
  number={2},
  pages={80--84},
  year={2007},
  publisher={SAGE Publications Sage CA: Los Angeles, CA}
}

@article{flores2017event,
  title={Event segmentation improves event memory up to one month later.},
  author={Flores, Shaney and Bailey, Heather R and Eisenberg, Michelle L and Zacks, Jeffrey M},
  journal={Journal of Experimental Psychology: Learning, Memory, and Cognition},
  volume={43},
  number={8},
  pages={1183},
  year={2017},
  publisher={American Psychological Association}
}

@article{zwaan1998constructing,
  title={Constructing multidimensional situation models during reading},
  author={Zwaan, Rolf A and Radvansky, Gabriel A and Hilliard, Amy E and Curiel, Jacqueline M},
  journal={Scientific studies of reading},
  volume={2},
  number={3},
  pages={199--220},
  year={1998},
  publisher={Taylor \& Francis}
}


@article{rouhani2018dissociable,
  title={Dissociable effects of surprising rewards on learning and memory.},
  author={Rouhani, Nina and Norman, Kenneth A and Niv, Yael},
  journal={Journal of Experimental Psychology: Learning, Memory, and Cognition},
  volume={44},
  number={9},
  pages={1430},
  year={2018},
  publisher={American Psychological Association}
}

@article{rouhani2020reward,
  title={Reward prediction errors create event boundaries in memory},
  author={Rouhani, Nina and Norman, Kenneth A and Niv, Yael and Bornstein, Aaron M},
  journal={Cognition},
  volume={203},
  pages={104269},
  year={2020},
  publisher={Elsevier}
}

@article{schapiro2013neural,
  title={Neural representations of events arise from temporal community structure},
  author={Schapiro, Anna C and Rogers, Timothy T and Cordova, Natalia I and Turk-Browne, Nicholas B and Botvinick, Matthew M},
  journal={Nature neuroscience},
  volume={16},
  number={4},
  pages={486--492},
  year={2013},
  publisher={Nature Publishing Group US New York}
}

@article{swallow2009event,
  title={Event boundaries in perception affect memory encoding and updating.},
  author={Swallow, Khena M and Zacks, Jeffrey M and Abrams, Richard A},
  journal={Journal of Experimental Psychology: General},
  volume={138},
  number={2},
  pages={236},
  year={2009},
  publisher={American Psychological Association}
}


@article{baldassano2017discovering,
  title={Discovering event structure in continuous narrative perception and memory},
  author={Baldassano, Christopher and Chen, Janice and Zadbood, Asieh and Pillow, Jonathan W and Hasson, Uri and Norman, Kenneth A},
  journal={Neuron},
  volume={95},
  number={3},
  pages={709--721},
  year={2017},
  publisher={Elsevier}
}

@article{shiffrin1997model,
  title={A model for recognition memory: REM—retrieving effectively from memory},
  author={Shiffrin, Richard M and Steyvers, Mark},
  journal={Psychonomic bulletin \& review},
  volume={4},
  pages={145--166},
  year={1997},
  publisher={Springer}
}


@article{karuza2017process,
  title={Process reveals structure: How a network is traversed mediates expectations about its architecture},
  author={Karuza, Elisabeth A and Kahn, Ari E and Thompson-Schill, Sharon L and Bassett, Danielle S},
  journal={Scientific reports},
  volume={7},
  number={1},
  pages={12733},
  year={2017},
  publisher={Nature Publishing Group UK London}
}

@article{lynn2020abstract,
  title={Abstract representations of events arise from mental errors in learning and memory},
  author={Lynn, Christopher W and Kahn, Ari E and Nyema, Nathaniel and Bassett, Danielle S},
  journal={Nature communications},
  volume={11},
  number={1},
  pages={2313},
  year={2020},
  publisher={Nature Publishing Group UK London}
}

@article{lynn2020humans,
  title={How humans learn and represent networks},
  author={Lynn, Christopher W and Bassett, Danielle S},
  journal={Proceedings of the National Academy of Sciences},
  volume={117},
  number={47},
  pages={29407--29415},
  year={2020},
  publisher={National Acad Sciences}
}